<record><leader>00000cas a22000007a 4500</leader><controlfield tag="001">31280520</controlfield><controlfield tag="008">941014d19uu19uunyuwr ne      0    0eng d</controlfield><datafield ind1=" " ind2=" " tag="010"><subfield code="a">sn 94057931 </subfield></datafield><datafield ind1=" " ind2=" " tag="040"><subfield code="a">NYS</subfield><subfield code="b">eng</subfield><subfield code="c">NYS</subfield><subfield code="d">OCLCQ</subfield><subfield code="d">OCLCF</subfield><subfield code="d">OCLCO</subfield></datafield><datafield ind1=" " ind2=" " tag="042"><subfield code="a">msc</subfield></datafield><datafield ind1=" " ind2=" " tag="043"><subfield code="a">n-us-ny</subfield></datafield><datafield ind1="0" ind2="0" tag="245"><subfield code="a">Ski trail news of the central Adirondacks.</subfield></datafield><datafield ind1="1" ind2="7" tag="246"><subfield code="a">Ski trail news</subfield></datafield><datafield ind1=" " ind2=" " tag="260"><subfield code="a">Old Forge, N.Y. :</subfield><subfield code="b">Adirondack Arrow, Inc.</subfield></datafield><datafield ind1=" " ind2=" " tag="300"><subfield code="a">v. :</subfield><subfield code="b">ill.</subfield></datafield><datafield ind1=" " ind2=" " tag="310"><subfield code="a">Weekly (during the winter)</subfield></datafield><datafield ind1=" " ind2=" " tag="500"><subfield code="a">John W. Zahn, editor.</subfield></datafield><datafield ind1=" " ind2=" " tag="588"><subfield code="a">Description based on: Vol. 3, no. 1 (Dec. 17, 1948).</subfield></datafield><datafield ind1=" " ind2=" " tag="588"><subfield code="a">Latest issue consulted: Vol. 3, no. 4 (Dec. 7, 1949).</subfield></datafield><datafield ind1=" " ind2="0" tag="651"><subfield code="a">Old Forge (N.Y.)</subfield><subfield code="v">Newspapers.</subfield></datafield><datafield ind1=" " ind2="0" tag="651"><subfield code="a">Herkimer County (N.Y.)</subfield><subfield code="v">Newspapers.</subfield></datafield><datafield ind1=" " ind2="7" tag="655"><subfield code="a">Newspapers.</subfield><subfield code="2">fast</subfield><subfield code="0">(OCoLC)fst01423814</subfield></datafield><datafield ind1=" " ind2="7" tag="651"><subfield code="a">New York (State)</subfield><subfield code="z">Herkimer County.</subfield><subfield code="2">fast</subfield><subfield code="0">(OCoLC)fst01223285</subfield></datafield><datafield ind1=" " ind2="7" tag="651"><subfield code="a">New York (State)</subfield><subfield code="z">Old Forge.</subfield><subfield code="2">fast</subfield><subfield code="0">(OCoLC)fst01221283</subfield></datafield><datafield ind1=" " ind2=" " tag="752"><subfield code="a">United States</subfield><subfield code="b">New York</subfield><subfield code="c">Herkimer</subfield><subfield code="d">Old Forge.</subfield></datafield></record>